<record><leader>00000cas a22000007a 4500</leader><controlfield tag="001">32695061</controlfield><controlfield tag="008">950623d1908190uokuwr n       0    0eng d</controlfield><datafield ind1=" " ind2=" " tag="010"><subfield code="a">sn 95076226 </subfield></datafield><datafield ind1=" " ind2=" " tag="040"><subfield code="a">OBN</subfield><subfield code="b">eng</subfield><subfield code="c">OBN</subfield><subfield code="d">OCLCQ</subfield><subfield code="d">OCLCO</subfield></datafield><datafield ind1="1" ind2=" " tag="029"><subfield code="a">AU@</subfield><subfield code="b">000011783192</subfield></datafield><datafield ind1=" " ind2=" " tag="042"><subfield code="a">msc</subfield></datafield><datafield ind1=" " ind2=" " tag="043"><subfield code="a">n-us-ok</subfield></datafield><datafield ind1="0" ind2="4" tag="245"><subfield code="a">The Howe eagle.</subfield></datafield><datafield ind1="3" ind2=" " tag="246"><subfield code="a">Eagle</subfield></datafield><datafield ind1=" " ind2=" " tag="260"><subfield code="a">Howe, Okla. :</subfield><subfield code="b">W.C. Austin</subfield></datafield><datafield ind1=" " ind2=" " tag="300"><subfield code="a">v.</subfield></datafield><datafield ind1=" " ind2=" " tag="310"><subfield code="a">Weekly</subfield></datafield><datafield ind1="0" ind2=" " tag="362"><subfield code="a">Vol. 1, no. 1 (Apr. 17, 1908)-</subfield></datafield><datafield ind1=" " ind2="0" tag="651"><subfield code="a">Howe (Okla.)</subfield><subfield code="v">Newspapers.</subfield></datafield><datafield ind1=" " ind2="0" tag="651"><subfield code="a">Le Flore County (Okla.)</subfield><subfield code="v">Newspapers.</subfield></datafield><datafield ind1=" " ind2=" " tag="752"><subfield code="a">United States</subfield><subfield code="b">Oklahoma</subfield><subfield code="c">Leflore</subfield><subfield code="d">Howe.</subfield></datafield></record>